%YAML 1.1
%TAG !u! tag:unity3d.com,2011:
--- !u!1 &1175557298790061293
GameObject:
  m_ObjectHideFlags: 0
  m_CorrespondingSourceObject: {fileID: 0}
  m_PrefabInstance: {fileID: 0}
  m_PrefabAsset: {fileID: 0}
  serializedVersion: 6
  m_Component:
  - component: {fileID: 1953361082455133783}
  - component: {fileID: 3221305304096473586}
  - component: {fileID: 815317913980400952}
  m_Layer: 0
  m_Name: Road
  m_TagString: Untagged
  m_Icon: {fileID: 0}
  m_NavMeshLayer: 0
  m_StaticEditorFlags: 0
  m_IsActive: 1
--- !u!4 &1953361082455133783
Transform:
  m_ObjectHideFlags: 0
  m_CorrespondingSourceObject: {fileID: 0}
  m_PrefabInstance: {fileID: 0}
  m_PrefabAsset: {fileID: 0}
  m_GameObject: {fileID: 1175557298790061293}
  m_LocalRotation: {x: -0.7071068, y: 0, z: -0, w: 0.7071067}
  m_LocalPosition: {x: -0, y: 0, z: 0}
  m_LocalScale: {x: 400, y: 1500, z: 17.054695}
  m_Children: []
  m_Father: {fileID: 7425536333084817974}
  m_RootOrder: 0
  m_LocalEulerAnglesHint: {x: 0, y: 0, z: 0}
--- !u!33 &3221305304096473586
MeshFilter:
  m_ObjectHideFlags: 0
  m_CorrespondingSourceObject: {fileID: 0}
  m_PrefabInstance: {fileID: 0}
  m_PrefabAsset: {fileID: 0}
  m_GameObject: {fileID: 1175557298790061293}
  m_Mesh: {fileID: -5495902117074765545, guid: adcdf33a0cedffe41b2d895c2bc2f58d, type: 3}
--- !u!23 &815317913980400952
MeshRenderer:
  m_ObjectHideFlags: 0
  m_CorrespondingSourceObject: {fileID: 0}
  m_PrefabInstance: {fileID: 0}
  m_PrefabAsset: {fileID: 0}
  m_GameObject: {fileID: 1175557298790061293}
  m_Enabled: 1
  m_CastShadows: 1
  m_ReceiveShadows: 1
  m_DynamicOccludee: 1
  m_MotionVectors: 1
  m_LightProbeUsage: 1
  m_ReflectionProbeUsage: 1
  m_RayTracingMode: 2
  m_RenderingLayerMask: 1
  m_RendererPriority: 0
  m_Materials:
  - {fileID: -400310251153081761, guid: adcdf33a0cedffe41b2d895c2bc2f58d, type: 3}
  - {fileID: 6061862182945386846, guid: adcdf33a0cedffe41b2d895c2bc2f58d, type: 3}
  - {fileID: -2653651044934150266, guid: adcdf33a0cedffe41b2d895c2bc2f58d, type: 3}
  m_StaticBatchInfo:
    firstSubMesh: 0
    subMeshCount: 0
  m_StaticBatchRoot: {fileID: 0}
  m_ProbeAnchor: {fileID: 0}
  m_LightProbeVolumeOverride: {fileID: 0}
  m_ScaleInLightmap: 1
  m_ReceiveGI: 1
  m_PreserveUVs: 0
  m_IgnoreNormalsForChartDetection: 0
  m_ImportantGI: 0
  m_StitchLightmapSeams: 1
  m_SelectedEditorRenderState: 3
  m_MinimumChartSize: 4
  m_AutoUVMaxDistance: 0.5
  m_AutoUVMaxAngle: 89
  m_LightmapParameters: {fileID: 0}
  m_SortingLayerID: 0
  m_SortingLayer: 0
  m_SortingOrder: 0
--- !u!1 &4448475841006868767
GameObject:
  m_ObjectHideFlags: 0
  m_CorrespondingSourceObject: {fileID: 0}
  m_PrefabInstance: {fileID: 0}
  m_PrefabAsset: {fileID: 0}
  serializedVersion: 6
  m_Component:
  - component: {fileID: 7425536333084817974}
  m_Layer: 0
  m_Name: Tile2
  m_TagString: Untagged
  m_Icon: {fileID: 0}
  m_NavMeshLayer: 0
  m_StaticEditorFlags: 0
  m_IsActive: 1
--- !u!4 &7425536333084817974
Transform:
  m_ObjectHideFlags: 0
  m_CorrespondingSourceObject: {fileID: 0}
  m_PrefabInstance: {fileID: 0}
  m_PrefabAsset: {fileID: 0}
  m_GameObject: {fileID: 4448475841006868767}
  m_LocalRotation: {x: 0, y: 0, z: 0, w: 1}
  m_LocalPosition: {x: 1.0482705, y: -0.18111265, z: -0.9211565}
  m_LocalScale: {x: 1, y: 1, z: 1}
  m_Children:
  - {fileID: 1953361082455133783}
  - {fileID: 6619191773914989470}
  - {fileID: 5951258430010975952}
  m_Father: {fileID: 0}
  m_RootOrder: 0
  m_LocalEulerAnglesHint: {x: 0, y: 0, z: 0}
--- !u!65 &7335489801177259584
BoxCollider:
  m_ObjectHideFlags: 0
  m_CorrespondingSourceObject: {fileID: 0}
  m_PrefabInstance: {fileID: 0}
  m_PrefabAsset: {fileID: 0}
  m_GameObject: {fileID: 6475277612412976234}
  m_Material: {fileID: 0}
  m_IsTrigger: 0
  m_Enabled: 1
  serializedVersion: 2
  m_Size: {x: 0.0139999995, y: 0.013999997, z: 0.15377478}
  m_Center: {x: 0, y: 9.313226e-10, z: 0.06988739}
--- !u!65 &6353939355439105937
BoxCollider:
  m_ObjectHideFlags: 0
  m_CorrespondingSourceObject: {fileID: 0}
  m_PrefabInstance: {fileID: 0}
  m_PrefabAsset: {fileID: 0}
  m_GameObject: {fileID: 5807329552708688164}
  m_Material: {fileID: 0}
  m_IsTrigger: 0
  m_Enabled: 1
  serializedVersion: 2
  m_Size: {x: 0.0139999995, y: 0.013999997, z: 0.15377478}
  m_Center: {x: 0, y: 9.313226e-10, z: 0.06988739}
--- !u!1001 &6133242434435875131
PrefabInstance:
  m_ObjectHideFlags: 0
  serializedVersion: 2
  m_Modification:
    m_TransformParent: {fileID: 7425536333084817974}
    m_Modifications:
    - target: {fileID: -8679921383154817045, guid: 133b33e3fda230045bc77f4bdc9ca013,
        type: 3}
      propertyPath: m_RootOrder
      value: 2
      objectReference: {fileID: 0}
    - target: {fileID: -8679921383154817045, guid: 133b33e3fda230045bc77f4bdc9ca013,
        type: 3}
      propertyPath: m_LocalPosition.x
      value: -2.5
      objectReference: {fileID: 0}
    - target: {fileID: -8679921383154817045, guid: 133b33e3fda230045bc77f4bdc9ca013,
        type: 3}
      propertyPath: m_LocalPosition.y
      value: 0.3
      objectReference: {fileID: 0}
    - target: {fileID: -8679921383154817045, guid: 133b33e3fda230045bc77f4bdc9ca013,
        type: 3}
      propertyPath: m_LocalPosition.z
      value: 0
      objectReference: {fileID: 0}
    - target: {fileID: -8679921383154817045, guid: 133b33e3fda230045bc77f4bdc9ca013,
        type: 3}
      propertyPath: m_LocalRotation.w
      value: 0.7071067
      objectReference: {fileID: 0}
    - target: {fileID: -8679921383154817045, guid: 133b33e3fda230045bc77f4bdc9ca013,
        type: 3}
      propertyPath: m_LocalRotation.x
      value: -0.7071068
      objectReference: {fileID: 0}
    - target: {fileID: -8679921383154817045, guid: 133b33e3fda230045bc77f4bdc9ca013,
        type: 3}
      propertyPath: m_LocalRotation.y
      value: 0
      objectReference: {fileID: 0}
    - target: {fileID: -8679921383154817045, guid: 133b33e3fda230045bc77f4bdc9ca013,
        type: 3}
      propertyPath: m_LocalRotation.z
      value: -0
      objectReference: {fileID: 0}
    - target: {fileID: -8679921383154817045, guid: 133b33e3fda230045bc77f4bdc9ca013,
        type: 3}
      propertyPath: m_LocalEulerAnglesHint.x
      value: 0
      objectReference: {fileID: 0}
    - target: {fileID: -8679921383154817045, guid: 133b33e3fda230045bc77f4bdc9ca013,
        type: 3}
      propertyPath: m_LocalEulerAnglesHint.y
      value: 0
      objectReference: {fileID: 0}
    - target: {fileID: -8679921383154817045, guid: 133b33e3fda230045bc77f4bdc9ca013,
        type: 3}
      propertyPath: m_LocalEulerAnglesHint.z
      value: 0
      objectReference: {fileID: 0}
    - target: {fileID: 919132149155446097, guid: 133b33e3fda230045bc77f4bdc9ca013,
        type: 3}
      propertyPath: m_Name
      value: TrafficCone (1)
      objectReference: {fileID: 0}
    m_RemovedComponents: []
  m_SourcePrefab: {fileID: 100100000, guid: 133b33e3fda230045bc77f4bdc9ca013, type: 3}
--- !u!1 &6475277612412976234 stripped
GameObject:
  m_CorrespondingSourceObject: {fileID: 919132149155446097, guid: 133b33e3fda230045bc77f4bdc9ca013,
    type: 3}
  m_PrefabInstance: {fileID: 6133242434435875131}
  m_PrefabAsset: {fileID: 0}
--- !u!4 &5951258430010975952 stripped
Transform:
  m_CorrespondingSourceObject: {fileID: -8679921383154817045, guid: 133b33e3fda230045bc77f4bdc9ca013,
    type: 3}
  m_PrefabInstance: {fileID: 6133242434435875131}
  m_PrefabAsset: {fileID: 0}
--- !u!1001 &6653697520207225973
PrefabInstance:
  m_ObjectHideFlags: 0
  serializedVersion: 2
  m_Modification:
    m_TransformParent: {fileID: 7425536333084817974}
    m_Modifications:
    - target: {fileID: -8679921383154817045, guid: 133b33e3fda230045bc77f4bdc9ca013,
        type: 3}
      propertyPath: m_RootOrder
      value: 1
      objectReference: {fileID: 0}
    - target: {fileID: -8679921383154817045, guid: 133b33e3fda230045bc77f4bdc9ca013,
        type: 3}
      propertyPath: m_LocalPosition.x
      value: 2.5
      objectReference: {fileID: 0}
    - target: {fileID: -8679921383154817045, guid: 133b33e3fda230045bc77f4bdc9ca013,
        type: 3}
      propertyPath: m_LocalPosition.y
      value: 0.4
      objectReference: {fileID: 0}
    - target: {fileID: -8679921383154817045, guid: 133b33e3fda230045bc77f4bdc9ca013,
        type: 3}
      propertyPath: m_LocalPosition.z
      value: 0
      objectReference: {fileID: 0}
    - target: {fileID: -8679921383154817045, guid: 133b33e3fda230045bc77f4bdc9ca013,
        type: 3}
      propertyPath: m_LocalRotation.w
      value: 0.7071067
      objectReference: {fileID: 0}
    - target: {fileID: -8679921383154817045, guid: 133b33e3fda230045bc77f4bdc9ca013,
        type: 3}
      propertyPath: m_LocalRotation.x
      value: -0.7071068
      objectReference: {fileID: 0}
    - target: {fileID: -8679921383154817045, guid: 133b33e3fda230045bc77f4bdc9ca013,
        type: 3}
      propertyPath: m_LocalRotation.y
      value: 0
      objectReference: {fileID: 0}
    - target: {fileID: -8679921383154817045, guid: 133b33e3fda230045bc77f4bdc9ca013,
        type: 3}
      propertyPath: m_LocalRotation.z
      value: -0
      objectReference: {fileID: 0}
    - target: {fileID: -8679921383154817045, guid: 133b33e3fda230045bc77f4bdc9ca013,
        type: 3}
      propertyPath: m_LocalEulerAnglesHint.x
      value: 0
      objectReference: {fileID: 0}
    - target: {fileID: -8679921383154817045, guid: 133b33e3fda230045bc77f4bdc9ca013,
        type: 3}
      propertyPath: m_LocalEulerAnglesHint.y
      value: 0
      objectReference: {fileID: 0}
    - target: {fileID: -8679921383154817045, guid: 133b33e3fda230045bc77f4bdc9ca013,
        type: 3}
      propertyPath: m_LocalEulerAnglesHint.z
      value: 0
      objectReference: {fileID: 0}
    - target: {fileID: 919132149155446097, guid: 133b33e3fda230045bc77f4bdc9ca013,
        type: 3}
      propertyPath: m_Name
      value: TrafficCone
      objectReference: {fileID: 0}
    m_RemovedComponents: []
  m_SourcePrefab: {fileID: 100100000, guid: 133b33e3fda230045bc77f4bdc9ca013, type: 3}
--- !u!1 &5807329552708688164 stripped
GameObject:
  m_CorrespondingSourceObject: {fileID: 919132149155446097, guid: 133b33e3fda230045bc77f4bdc9ca013,
    type: 3}
  m_PrefabInstance: {fileID: 6653697520207225973}
  m_PrefabAsset: {fileID: 0}
--- !u!4 &6619191773914989470 stripped
Transform:
  m_CorrespondingSourceObject: {fileID: -8679921383154817045, guid: 133b33e3fda230045bc77f4bdc9ca013,
    type: 3}
  m_PrefabInstance: {fileID: 6653697520207225973}
  m_PrefabAsset: {fileID: 0}
